01,121000248,TESTGLOBALINC,200716,0359,01,,,2/
02,TESTGLOBALINC,241253823,1,200716,0359,,/
03,0000007,,015,0,,,040,2000000,,,045,1597117,,/
88,050,0,,,072,0,,,074,0,,,100,402883,2,/
88,400,402883,0,/
16,475,402883,0,,2000031/
88,OTHER REFERENCE: Sample Test/
88,VALUE DATE = 200705/
49,402883,7/
98,402883,1,9/
99,402883,1,11/